@book{Ap1-1976,
	author = {Tom M. Apostol},
	title = {Introduction to Analytic Number Theory},
	publisher = {Springer},

	year = {1976},
	ISBN = {978-1-4419-2805-4}
}
@book{Zal1-2014,
	author = {Felipe Zaldívar},
	title = {Introducción a la teoría de números},
	publisher = {Fondo de Cultura Económica},
	edition = {1},
	year = {2014},
	ISBN = {978-607-16-1881-8}
}
@book{Hun1,
    author = "Thomas W. Hungerford",
    title = "Algebra",
    publisher = "Springer",
    year = "1974"
}
@book{Har1-1979,
	author = {G. H. Hardy and E. M. Wright},
	title = {An Introduction to the Theory of Numbers},
	publisher = {Oxford University Press},
	edition = {5},
	year = {1979}
}
@book{Br1-1999,
	author = {R. A. Brualdi},
	title = {Introductory Combinatorics},
	publisher = {Prentice-Hall},
	edition = {3},
	year = {1999},
	ISBN = {7-111-09158-2} 
}
@book{Gauss1,
	author = {Carl Friedrich Gauss},
	title = {Disquisitiones Arithmeticae},
	publisher = {Springer-Verlag},
	edition = {English},
	year = {1966},
	ISBN = {978-1-4939-7560-0} 
}
@book{Di1,
	author = {Leonard Eugene Dickson},
	title = {History of the Theory of Numbers},
	publisher = {Chelsea Publishing Company},
	edition = {},
	year = {1952},
	ISBN = {},
	volume = {I} 
}
@article{Ca1959,
    author = "E. D. Cashwell and C. J. Everett",
    title = "The ring of number-theoretic functions",
    journal = "Pacific Journal of Mathematics",
    year = "1959",
    volume = "9",
    number = "4"
}
@article{Nish1,
    author = "Hajime Nishimura",
    title = "On the unique factorization theorem for formal power series",
    journal = "Journal of Mathematical Sciences, Kyoto Univ.",
    year = "1967"
}
